@INCOLLECTION{Smagorinsky1993,
        AUTHOR    = "J. Smagorinsky",
        YEAR      = "1993",
        TITLE     = "{Some historical remarks on the use of non-linear
                      viscosities - 1.1 Introductory remarks}",
        BOOKTITLE = "{Large Eddy Simulation of Complex Engineering and
                     Geophysical Flows, Proceedings of an International
                     Workshop in Large Eddy Simulation}",
        EDITOR    = "{B. Galperin and S. A. Orszag}",
        PUBLISHER = "{Cambridge University Press}",
        ADDRESS   = "{Cambridge, UK}",
        PAGES     = "1-32"
}
@BOOK{Fisher1979,
        AUTHOR = "H. B. Fisher and E. J. List and R. C. j. Koh and J. Imberger
                  and N. H. Brooks",
        YEAR   = "1979",
        TITLE  = "{Mixing in Inland and Coastal Waters}",
        SERIES = "International Geophysics Series",
        PUBLISHER = "Academic Press",
        VOLUME = "66",
        ADDRESS ="San Diego, USA",
        NOTE  = "302 pp"
}
@Article{Grawe2010,
        author="Gr{\"a}we, U. and Wolff, J.-O.",
        title="{Suspended particulate matter dynamics in a particle framework}",
        journal="Environ. Fluid Mech.",
        year="2010",
        volume="10",
        number="1",
        pages="21--39",
        doi="10.1007/s10652-009-9141-8"
}
